@misc {Tutorial,
   url = {},
   year = {},
   title = {},
   author = {{}},
}